<record><leader>00000cas a2200000 a 4500</leader><controlfield tag="001">32038333</controlfield><controlfield tag="008">950223d196u1990sdusr ne      0    0eng c</controlfield><datafield ind1=" " ind2=" " tag="010"><subfield code="a">sn 95063059 </subfield></datafield><datafield ind1=" " ind2=" " tag="040"><subfield code="a">CNW</subfield><subfield code="b">eng</subfield><subfield code="c">CNW</subfield><subfield code="d">NYS</subfield><subfield code="d">OCLCQ</subfield><subfield code="d">OCLCF</subfield><subfield code="d">OCLCO</subfield><subfield code="d">HUL</subfield></datafield><datafield ind1=" " ind2=" " tag="042"><subfield code="a">pcc</subfield></datafield><datafield ind1=" " ind2=" " tag="043"><subfield code="a">n-us-sd</subfield></datafield><datafield ind1=" " ind2="4" tag="050"><subfield code="a">E99.S62</subfield><subfield code="b">S68</subfield></datafield><datafield ind1="0" ind2="0" tag="245"><subfield code="a">Sota eya ye yapi.</subfield></datafield><datafield ind1=" " ind2=" " tag="260"><subfield code="a">Sisseton, S.D. :</subfield><subfield code="b">Sisseton-Wahpeton Sioux Tribe</subfield></datafield><datafield ind1=" " ind2=" " tag="300"><subfield code="a">v. :</subfield><subfield code="b">ill. ;</subfield><subfield code="c">37 cm.</subfield></datafield><datafield ind1=" " ind2=" " tag="310"><subfield code="a">Semimonthly,</subfield><subfield code="b">Oct. 1989-</subfield></datafield><datafield ind1=" " ind2=" " tag="321"><subfield code="a">Monthly,</subfield><subfield code="b">&lt;1970-1973&gt;</subfield></datafield><datafield ind1=" " ind2=" " tag="321"><subfield code="a">Weekly,</subfield><subfield code="b">&lt;1973&gt;-Sept. 1989</subfield></datafield><datafield ind1="1" ind2=" " tag="362"><subfield code="a">Ceased Aug. 1, 1990.</subfield></datafield><datafield ind1=" " ind2=" " tag="500"><subfield code="a">Published in: Wilmot, S.D., &lt;July 14, 1982-Feb. 3, 1983&gt;.</subfield></datafield><datafield ind1=" " ind2=" " tag="515"><subfield code="a">Numbering begins with Vol. 1, no. 1 (Dec. 16, 1971).</subfield></datafield><datafield ind1=" " ind2=" " tag="530"><subfield code="a">Available on microfiche from Clearwater Pub. Co., Greenwood, S.D. (American Indian Periodicals in the Princeton University Library).</subfield></datafield><datafield ind1=" " ind2=" " tag="550"><subfield code="a">Official publication of the Sisseton-Wahpeton Sioux tribe.</subfield></datafield><datafield ind1=" " ind2=" " tag="580"><subfield code="a">Issued with Sisseton courier, Dec. 16, 1971-1990.</subfield></datafield><datafield ind1=" " ind2=" " tag="588"><subfield code="a">Description based on: Feb. 1970.</subfield></datafield><datafield ind1=" " ind2="0" tag="650"><subfield code="a">Sisseton Indians</subfield><subfield code="v">Newspapers.</subfield></datafield><datafield ind1=" " ind2="0" tag="650"><subfield code="a">Wahpeton Indians</subfield><subfield code="v">Newspapers.</subfield></datafield><datafield ind1=" " ind2="0" tag="650"><subfield code="a">Indians of North America</subfield><subfield code="z">South Dakota</subfield><subfield code="v">Newspapers.</subfield></datafield><datafield ind1=" " ind2="0" tag="651"><subfield code="a">Sisseton (S.D.)</subfield><subfield code="v">Newspapers.</subfield></datafield><datafield ind1=" " ind2="0" tag="651"><subfield code="a">Wilmot (S.D.)</subfield><subfield code="v">Newspapers.</subfield></datafield><datafield ind1=" " ind2="0" tag="651"><subfield code="a">Roberts County (S.D.)</subfield><subfield code="v">Newspapers.</subfield></datafield><datafield ind1=" " ind2="7" tag="650"><subfield code="a">Indians of North America.</subfield><subfield code="2">fast</subfield><subfield code="0">(OCoLC)fst00969633</subfield></datafield><datafield ind1=" " ind2="7" tag="650"><subfield code="a">Sisseton Indians.</subfield><subfield code="2">fast</subfield><subfield code="0">(OCoLC)fst01119747</subfield></datafield><datafield ind1=" " ind2="7" tag="650"><subfield code="a">Wahpeton Indians.</subfield><subfield code="2">fast</subfield><subfield code="0">(OCoLC)fst01169919</subfield></datafield><datafield ind1=" " ind2="7" tag="651"><subfield code="a">South Dakota.</subfield><subfield code="2">fast</subfield><subfield code="0">(OCoLC)fst01204322</subfield></datafield><datafield ind1=" " ind2="7" tag="651"><subfield code="a">South Dakota</subfield><subfield code="z">Roberts County.</subfield><subfield code="2">fast</subfield><subfield code="0">(OCoLC)fst01214938</subfield></datafield><datafield ind1=" " ind2="7" tag="651"><subfield code="a">South Dakota</subfield><subfield code="z">Sisseton.</subfield><subfield code="2">fast</subfield><subfield code="0">(OCoLC)fst01230732</subfield></datafield><datafield ind1=" " ind2="7" tag="651"><subfield code="a">South Dakota</subfield><subfield code="z">Wilmot.</subfield><subfield code="2">fast</subfield><subfield code="0">(OCoLC)fst01871554</subfield></datafield><datafield ind1=" " ind2="7" tag="655"><subfield code="a">Newspapers.</subfield><subfield code="2">fast</subfield><subfield code="0">(OCoLC)fst01423814</subfield></datafield><datafield ind1="1" ind2=" " tag="710"><subfield code="a">Sisseton-Wahpeton Sioux Tribe of the Lake Traverse Reservation.</subfield></datafield><datafield ind1=" " ind2=" " tag="752"><subfield code="a">United States</subfield><subfield code="b">South Dakota</subfield><subfield code="c">Roberts</subfield><subfield code="d">Sisseton.</subfield></datafield><datafield ind1="1" ind2=" " tag="777"><subfield code="t">Sisseton courier</subfield><subfield code="w">(DLC)sn 86071478</subfield><subfield code="w">(OCoLC)13554564</subfield></datafield><datafield ind1="1" ind2=" " tag="029"><subfield code="a">AU@</subfield><subfield code="b">000011579485</subfield></datafield></record>